@article{zhang2003fast,
  title={Fast accurate computation of large-scale IP traffic matrices from link loads},
  author={Zhang, Yin and Roughan, Matthew and Duffield, Nick and Greenberg, Albert},
  journal={ACM SIGMETRICS Performance Evaluation Review},
  volume={31},
  number={1},
  pages={206--217},
  year={2003},
  publisher={ACM New York, NY, USA}
}

@book{teletraffic1954,
  title={電話トラフィック理論とその応用},
  author={辻 舛二},
  editor={小島 哲},
  year={1954},
  publisher={電子通信学会}
}

@article{willinger1998mathematics,
  title={Where mathematics meets the Internet},
  author={Willinger, Walter and Paxson, Vern},
  journal={Notices of the AMS},
  volume={45},
  number={8},
  pages={961--970},
  year={1998}
}

@misc{poisson,
  author       = {Will Koehrsen},
  howpublished = {\url{http://www.soumu.go.jp/menu_news/s-news/01tsushin02_02000072.html}},
  title        = {The Poisson Distribution and Poisson Process Explained},
  year         = {2019},
  note         = {Accessed: 2021-12-18}
}

@article{Fukuda2004,
  title={ネットワークトラフィックの自己相似性とその生成モデル},
  author={福田健介 and others},
  journal={情報処理},
  volume={45},
  number={6},
  pages={603--609},
  year={2004}
}

@article{Ueda2007,
  title={確率過程による LAN トラヒックのモデル化における一考察},
  author={上田浩 and 奈須野裕 and 岩谷幸雄 and 五十嵐隆治 and 木下哲男 and others},
  journal={情報処理学会論文誌数理モデル化と応用 (TOM)},
  volume={48},
  number={SIG2 (TOM16)},
  pages={167--174},
  year={2007}
}

@misc{trafficmatrix,
  author       = {Roughan},
  howpublished = {\url{https://roughan.info/project/traffic_matrix/}},
  title        = {Internet Traffic Matrices},
  year         = {2017},
  note         = {Accessed: 2021-12-18}
}